@Book{xie2015,
  title = {Dynamic Documents with {R} and knitr},
  author = {Yihui Xie},
  publisher = {Chapman and Hall/CRC},
  address = {Boca Raton, Florida},
  year = {2015},
  edition = {2nd},
  note = {ISBN 978-1498716963},
  url = {http://yihui.org/knitr/},
}

@misc{wikipedia,
  title = {Giochi olimpici invernali},
  author = {{Wikipedia contributors}},
  year = {2024},
  url = {https://it.wikipedia.org/wiki/Giochi_olimpici_invernali#:~:text=I%20Giochi%20olimpici%20invernali%20sono,pari%20non%20divisibili%20per%20quattro.},
  note = {Accessed: 2024-06-16}
}

@misc{milanocortina2026,
  title = {La storia di Tina e Milo, le Mascotte dei Giochi},
  author = {{Comitato Organizzatore di Milano Cortina 2026}},
  year = {2024},
  url = {https://milanocortina2026.olympics.com/it/news/la-storia-di-tina-e-milo-le-mascotte-dei-giochi},
  note = {Accessed: 2024-06-16}
}

@misc{mascotte,
  title = {Mascotte Olimpiche},
  author = {{Comitato Olimpico Internazionale}},
  year = {n.d},
  url = {https://olympics.com/it/olympic-games/olympic-mascots},
  note = {Accessed: 2024-06-16}
}

@misc{corriere,
  author = {{Corriere della Sera}},
  title = {Ecco 27 momenti pi√π iconici nella storia dei Giochi Invernali},
  year = {2018},
  url = {https://www.corriere.it/sport/olimpiadi-invernali-2018/cards/ecco-27-momenti-piu-iconici-storia-giochi-invernali/prima-edizione_principale.shtml},
  note = {Accessed: 2024-06-16}
}

@misc{ilpostfoto,
  author = {Il Post},
  title = {Le Olimpiadi invernali di una volta},
  year = {2018},
  url = {https://www.ilpost.it/2018/01/14/foto-vecchie-olimpiadi-invernali/olimpiadi-invernali-storia-12/},
  note = {Accessed: 2024-06-16}
}

@misc{artevitae,
  title = {Storie di Fotografie: L'Evoluzione delle Olimpiadi Invernali in 14 Scatti d'Autore},
  author = {ArteVitae},
  url = {https://artevitae.it/storie-di-fotografie-levoluzione-delle-olimpiadi-invernali-in-14-scatti-dautore/},
  year = {2018},
  note = {Accessed: 2024-06-16}
}
